<?xml version="1.0" encoding="utf-8"?>
<record xmlns="http://www.loc.gov/MARC21/slim" xmlns:xsi="http://www.w3.org/2001/XMLSchema-instance" xsi:schemaLocation="http://www.loc.gov/MARC21/slim http://www.loc.gov/standards/marcxml/schema/MARC21slim.xsd">
	<leader>     nam a22     Mi 4500</leader>
	<controlfield tag="001">b1327014x</controlfield>
	<controlfield tag="003">UaCaAUL</controlfield>
	<controlfield tag="006">m        d        </controlfield>
	<controlfield tag="007">cr cn |||m|||a</controlfield>
	<controlfield tag="008">210616m19541962ua fh   ob    000 0 ara  </controlfield>
	<datafield ind1=" " ind2=" " tag="040">
		<subfield code="a">ZYU</subfield>
		<subfield code="b">ara</subfield>
		<subfield code="e">rda</subfield>
		<subfield code="c">ZYU</subfield>
	</datafield>
	<datafield ind1="0" ind2="0" tag="050">
		<subfield code="a">BP131.3</subfield>
		<subfield code="b">.A22</subfield>
	</datafield>
	<datafield ind1=" " ind2="4" tag="050">
		<subfield code="a">PJ6696</subfield>
		<subfield code="b">.A29x 1954</subfield>
	</datafield>
	<datafield ind1="0" ind2="4" tag="082">
		<subfield code="a">297.1226</subfield>
	</datafield>
	<datafield ind1="0" ind2=" " tag="100">
		<subfield code="6">880-01</subfield>
		<subfield code="a">Abū ʻUbaydah Maʻmar ibn al-Muthanná al-Taymī,</subfield>
		<subfield code="d">728?-824?</subfield>
	</datafield>
	<datafield ind1="1" ind2="0" tag="245">
		<subfield code="6">880-02</subfield>
		<subfield code="a">Majāz al-Qurʼān /</subfield>
		<subfield code="c">ṣanʻat Abī ʻUbaydah Maʻmar ibn al-Muthanná al-Taymī al-mutawaffá sanat 210 H ; ʻāraḍahu bi-uṣūlihi wa-ʻallaqa ʻalayhi Muḥammad Fuʼād Sazgīn.</subfield>
	</datafield>
	<datafield ind1=" " ind2=" " tag="250">
		<subfield code="6">880-03</subfield>
		<subfield code="a">al-Ṭabʻah al-ūlá.</subfield>
	</datafield>
	<datafield ind1=" " ind2=" " tag="260">
		<subfield code="6">880-04</subfield>
		<subfield code="a">Miṣr :</subfield>
		<subfield code="b">Muḥammad Sāmī Amīn al-Khānjī al-Kutbī,</subfield>
		<subfield code="c">[1954-62]</subfield>
	</datafield>
	<datafield ind1=" " ind2=" " tag="300">
		<subfield code="a">online resource (2 volumes, 5 unnumbered leaves of plates) :</subfield>
		<subfield code="b">facsimiles</subfield>
	</datafield>
	<datafield ind1=" " ind2=" " tag="336">
		<subfield code="a">text</subfield>
		<subfield code="2">rdacontent</subfield>
	</datafield>
	<datafield ind1=" " ind2=" " tag="337">
		<subfield code="a">computer</subfield>
		<subfield code="2">rdamedia</subfield>
	</datafield>
	<datafield ind1=" " ind2=" " tag="338">
		<subfield code="a">online resource</subfield>
		<subfield code="2">rdacarrier</subfield>
	</datafield>
	<datafield ind1=" " ind2=" " tag="500">
		<subfield code="a">Part of the Arabic Collections Online (ACO) project, contributed by American University in Cairo Library.</subfield>
	</datafield>
	<datafield ind1=" " ind2=" " tag="504">
		<subfield code="a">Includes bibliographical references (v. 1, pages 29-45 (1st group)).</subfield>
	</datafield>
	<datafield ind1=" " ind2=" " tag="533">
		<subfield code="a">Electronic reproduction.</subfield>
		<subfield code="b">New York, N.Y. :</subfield>
		<subfield code="c">New York University,</subfield>
		<subfield code="d">2021.</subfield>
		<subfield code="5">NNU</subfield>
	</datafield>
	<datafield ind1="0" ind2="0" tag="630">
		<subfield code="6">880-05</subfield>
		<subfield code="a">Qurʼan</subfield>
		<subfield code="x">Rhetoric.</subfield>
	</datafield>
	<datafield ind1="0" ind2="0" tag="630">
		<subfield code="6">880-06</subfield>
		<subfield code="a">Qurʼan</subfield>
		<subfield code="x">Commentaries.</subfield>
	</datafield>
	<datafield ind1="0" ind2="0" tag="630">
		<subfield code="6">880-07</subfield>
		<subfield code="a">Qurʼan</subfield>
		<subfield code="x">Language, style.</subfield>
	</datafield>
	<datafield ind1="0" ind2="0" tag="630">
		<subfield code="6">880-08</subfield>
		<subfield code="a">Qurʼan</subfield>
		<subfield code="x">Grammar.</subfield>
	</datafield>
	<datafield ind1="0" ind2="7" tag="630">
		<subfield code="a">Qurʼan.</subfield>
		<subfield code="2">fast</subfield>
		<subfield code="0">(OCoLC)fst01842877</subfield>
	</datafield>
	<datafield ind1=" " ind2="7" tag="650">
		<subfield code="a">Figures of speech.</subfield>
		<subfield code="2">fast</subfield>
		<subfield code="0">(OCoLC)fst00924108</subfield>
	</datafield>
	<datafield ind1=" " ind2="7" tag="655">
		<subfield code="a">Early works.</subfield>
		<subfield code="2">fast</subfield>
		<subfield code="0">(OCoLC)fst01411636</subfield>
	</datafield>
	<datafield ind1="1" ind2=" " tag="700">
		<subfield code="6">880-09</subfield>
		<subfield code="a">Sezgin, Fuat.</subfield>
	</datafield>
	<datafield ind1="2" ind2=" " tag="710">
		<subfield code="a">American University in Cairo.</subfield>
		<subfield code="b">Library.</subfield>
	</datafield>
	<datafield ind1="0" ind2=" " tag="730">
		<subfield code="a">Arabic Collections Online.</subfield>
	</datafield>
	<datafield ind1="0" ind2="8" tag="776">
		<subfield code="i">Online version:</subfield>
		<subfield code="a">Abū ʻUbaydah Maʻmar ibn al-Muthanná al-Taymī, 728?-824?</subfield>
		<subfield code="t">Majāz al-Qurʼān.</subfield>
		<subfield code="b">al-Ṭabʻah 1.</subfield>
		<subfield code="d">Miṣr, al-Khānjī, [1954-62]</subfield>
		<subfield code="w">(OCoLC)607795537</subfield>
	</datafield>
	<datafield ind1="0" ind2="8" tag="776">
		<subfield code="i">Online version:</subfield>
		<subfield code="a">Abū ʻUbaydah Maʻmar ibn al-Muthanná al-Taymī, 728?-824?</subfield>
		<subfield code="t">Majāz al-Qurʼān.</subfield>
		<subfield code="b">al-Ṭabʻah 1.</subfield>
		<subfield code="d">Miṣr, al-Khānjī, [1954-62]</subfield>
		<subfield code="w">(OCoLC)622767847</subfield>
	</datafield>
	<datafield ind1="0" ind2="8" tag="776">
		<subfield code="i">Print version:</subfield>
		<subfield code="a">Abū ʻUbaydah Maʻmar ibn al-Muthanná al-Taymī, 728?-824?</subfield>
		<subfield code="t">Majāz al-Qurʼān</subfield>
		<subfield code="w">(UaCaAUL)b1327014x</subfield>
		<subfield code="w">(DLC)ne 63001999 </subfield>
		<subfield code="w">(OCoLC)11264402</subfield>
	</datafield>
	<datafield ind1="4" ind2="0" tag="856">
		<subfield code="u">http://hdl.handle.net/2333.1/cjsxm44g</subfield>
	</datafield>
	<datafield ind1="0" ind2=" " tag="880">
		<subfield code="6">100-01</subfield>
		<subfield code="a">أبو عبيدة معمر بن المثنى التيمي،</subfield>
		<subfield code="d">728?-824?</subfield>
	</datafield>
	<datafield ind1="1" ind2="0" tag="880">
		<subfield code="6">245-02</subfield>
		<subfield code="a">مجاز القرآن /</subfield>
		<subfield code="c">صنعة أبي عبيدة معمر بن المثنى التيمي المتوفى سنة 210 هـ ؛ عارضه بأصول وعلق عليه محمد فؤاد سزگين.</subfield>
	</datafield>
	<datafield ind1=" " ind2=" " tag="880">
		<subfield code="6">250-03</subfield>
		<subfield code="a">الطبعة الأولى.</subfield>
	</datafield>
	<datafield ind1=" " ind2=" " tag="880">
		<subfield code="6">260-04</subfield>
		<subfield code="a">مصر :</subfield>
		<subfield code="b">محمد سامي أمين الخانجي،</subfield>
		<subfield code="c">[1954-62]</subfield>
	</datafield>
	<datafield ind1="0" ind2="4" tag="880">
		<subfield code="6">630-05</subfield>
		<subfield code="a">القرآن</subfield>
		<subfield code="x">بلاغة.</subfield>
	</datafield>
	<datafield ind1="0" ind2="4" tag="880">
		<subfield code="6">630-06</subfield>
		<subfield code="a">القرآن</subfield>
		<subfield code="x">تفاسير.</subfield>
	</datafield>
	<datafield ind1="0" ind2="4" tag="880">
		<subfield code="6">630-07</subfield>
		<subfield code="a">القرآن</subfield>
		<subfield code="x">بديع.</subfield>
	</datafield>
	<datafield ind1="0" ind2="4" tag="880">
		<subfield code="6">630-08</subfield>
		<subfield code="a">القرآن</subfield>
		<subfield code="x">اعراب.</subfield>
	</datafield>
	<datafield ind1="1" ind2=" " tag="880">
		<subfield code="6">700-09</subfield>
		<subfield code="a">سزكين، فؤاد.</subfield>
	</datafield>
	<datafield ind1=" " ind2=" " tag="959">
		<subfield code="a">NNU</subfield>
		<subfield code="b">WEB</subfield>
		<subfield code="c">GENI</subfield>
		<subfield code="t">0</subfield>
		<subfield code="m">Electronic access</subfield>
		<subfield code="s">01</subfield>
	</datafield>
	<datafield ind1=" " ind2=" " tag="999">
		<subfield code="i">UaCaAUL_b1327014x</subfield>
		<subfield code="o">(OCoLC)ocm11264402</subfield>
		<subfield code="s">auc_aco001161:v.1</subfield>
		<subfield code="s">auc_aco001162:v.2</subfield>
		<subfield code="e">(ERROR-880)</subfield>
		<subfield code="s">auc_aco001161:v.1</subfield>
		<subfield code="s">auc_aco001162:v.2</subfield>
	</datafield>
</record>
